@article{von2001factoring,
  title={Factoring polynomials over finite fields: a survey},
  author={Von Zur Gathen, Joachim and Panario, Daniel},
  journal={Journal of Symbolic Computation},
  volume={31},
  number={1},
  pages={3--17},
  year={2001},
  publisher={Elsevier}
}

@inproceedings{hart2011practical,
  title={Practical polynomial factoring in polynomial time},
  author={Hart, William and Van Hoeij, Mark and Novocin, Andrew},
  booktitle={Proceedings of the 36th international symposium on Symbolic and algebraic computation},
  pages={163--170},
  year={2011},
  organization={ACM}
}

@article{shoup1990deterministic,
  title={On the deterministic complexity of factoring polynomials over finite fields},
  author={Shoup, Victor},
  journal={Information Processing Letters},
  volume={33},
  number={5},
  pages={261--267},
  year={1990},
  publisher={Elsevier}
}

@article{kaltofen1998subquadratic,
  title={Subquadratic-time factoring of polynomials over finite fields},
  author={Kaltofen, Erich and Shoup, Victor},
  journal={Mathematics of Computation of the American Mathematical Society},
  volume={67},
  number={223},
  pages={1179--1197},
  year={1998}
}

@article{lecerf2013factorisation,
  title={Factorisation des polyn{\^o}mes {\`a} plusieurs variables},
  author={Lecerf, Gr{\'e}goire},
  journal={Les cours du CIRM},
  volume={3},
  number={1},
  pages={1--85},
  year={2013},
  publisher={CIRM}
}


