%need to make a better biblio

%%Weight norm: better init for fast learning
%https://arxiv.org/pdf/1602.07868.pdf
%%Adam fundation
%https://arxiv.org/pdf/1412.6980.pdf
%%Deep convnet for Imagenet
%https://papers.nips.cc/paper/4824-imagenet-classification-with-deep-convolutional-neural-networks.pdf
%%ELU and Batchnorm
%https://arxiv.org/pdf/1511.07289.pdf
%%batchnorm
%https://arxiv.org/abs/1502.03167
